@incollection{abel2011analyzing,
  title={Analyzing user modeling on twitter for personalized news recommendations},
  author={Abel, Fabian and Gao, Qi and Houben, Geert-Jan and Tao, Ke},
  booktitle={UMAP},
  pages={1--12},
  year={2011},
  publisher={Springer}
}
@article{blei2003latent,
  title={Latent dirichlet allocation},
  author={Blei, David M and Ng, Andrew Y and Jordan, Michael I},
  journal={the Journal of machine Learning research},
  volume={3},
  pages={993--1022},
  year={2003},
  publisher={JMLR. org}
}
@inproceedings{boyd2010tweet,
  title={Tweet, tweet, retweet: Conversational aspects of retweeting on twitter},
  author={Boyd, Danah and Golder, Scott and Lotan, Gilad},
  booktitle={System Sciences (HICSS), 2010 43rd Hawaii International Conference on},
  pages={1--10},
  year={2010},
  organization={IEEE}
}
@article{cha2007comprehensive,
  title={Comprehensive survey on distance/similarity measures between probability density functions},
  author={Cha, Sung-Hyuk},
  journal={City},
  volume={1},
  number={2},
  pages={1},
  year={2007},
  publisher={Citeseer}
}
@inproceedings{chen2010short,
  title={Short and tweet: experiments on recommending content from information streams},
  author={Chen, Jilin and Nairn, Rowan and Nelson, Les and Bernstein, Michael and Chi, Ed},
  booktitle={Proc. of the SIGCHI Conference on Human Factors in Computing Systems},
  pages={1185--1194},
  year={2010},
  organization={ACM}
}
@inproceedings{comarela2012understanding,
  title={Understanding factors that affect response rates in twitter},
  author={Comarela, Giovanni and Crovella, Mark and Almeida, Virgilio and Benevenuto, Fabricio},
  booktitle={Proc. of the 23rd ACM conference on Hypertext and social media},
  pages={123--132},
  year={2012},
  organization={ACM}
}
@article{engbert2007agency,
  title={Agency, subjective time, and other minds.},
  author={Engbert, Kai and Wohlschl{\"a}ger, Andreas and Thomas, Richard and Haggard, Patrick},
  journal={Journal of Experimental Psychology: Human Perception and Performance},
  volume={33},
  number={6},
  pages={1261},
  year={2007},
  publisher={American Psychological Association}
}
@inproceedings{feng2013retweet,
  title={Retweet or not?: personalized tweet re-ranking},
  author={Feng, Wei and Wang, Jianyong},
  booktitle={Proc. of the 6th WSDM},
  pages={577--586},
  year={2013},
  organization={ACM}
}
@book{fisher1970statistical,
  title={Statistical methods for research workers},
  author={Fisher, Sir Ronald Aylmer and Genetiker, Statistiker and Fisher, Ronald Aylmer and Genetician, Statistician and Britain, Great and Fisher, Ronald Aylmer and G{\'e}n{\'e}ticien, Statisticien},
  volume={14},
  year={1970},
  publisher={Oliver and Boyd Edinburgh}
}
@inproceedings{hannon2010recommending,
  title={Recommending twitter users to follow using content and collaborative filtering approaches},
  author={Hannon, John and Bennett, Mike and Smyth, Barry},
  booktitle={Proc. of the 4th ACM ReSys},
  pages={199--206},
  year={2010},
  organization={ACM}
}
@inproceedings{hong2010empirical,
  title={Empirical study of topic modeling in twitter},
  author={Hong, Liangjie and Davison, Brian D},
  booktitle={Proc. of the First Workshop on Social Media Analytics},
  pages={80--88},
  year={2010},
  organization={ACM}
}
@inproceedings{hong2011predicting,
  title={Predicting popular messages in twitter},
  author={Hong, Liangjie and Dan, Ovidiu and Davison, Brian D},
  booktitle={Proc. of the 20th WWW},
  pages={57--58},
  year={2011},
  organization={ACM}
}
@inproceedings{hu2013unsupervised,
  title={Unsupervised sentiment analysis with emotional signals},
  author={Hu, Xia and Tang, Jiliang and Gao, Huiji and Liu, Huan},
  booktitle={Proc. of the 22nd WWW},
  pages={607--618},
  year={2013},
  organization={International World Wide Web Conferences Steering Committee}
}
@article{Hyman2000,
abstract = {Three fallacies in the rationality debate obscure the possibility for reconciling the opposed camps. I focus on how these fallacies arise in the view that subjects interpret their task differently from the experimenters (owing to the influence of conversational expectations). The themes are: first, critical assessment must start from subjects' understanding; second, a modal fallacy; and third, fallacies of distribution.},
author = {Hyman, John},
doi = {10.1017/S0140525X00223431},
issn = {0140525X},
journal = {Behavioral and Brain Sciences},
pages = {665--666},
title = {{Three Fallacies about Action}},
volume = {23},
year = {2000}
}
@inproceedings{jenders2013analyzing,
  title={Analyzing and predicting viral tweets},
  author={Jenders, Maximilian and Kasneci, Gjergji and Naumann, Felix},
  booktitle={Proc. of the 22nd WWW},
  pages={657--664},
  year={2013},
  organization={International World Wide Web Conferences Steering Committee}
}
@inproceedings{kwak2010twitter,
  title={What is Twitter, a social network or a news media?},
  author={Kwak, Haewoon and Lee, Changhyun and Park, Hosung and Moon, Sue},
  booktitle={Proc. of the 19th WWW},
  pages={591--600},
  year={2010},
  organization={ACM}
}
@article{liu2012sentiment,
  title={Sentiment analysis and opinion mining},
  author={Liu, Bing},
  journal={Synthesis Lectures on Human Language Technologies},
  volume={5},
  number={1},
  pages={1--167},
  year={2012},
  publisher={Morgan \& Claypool Publishers}
}
@inproceedings{Luo:2013RMF,
 author = {Luo, Zhunchen and Osborne, Miles and Tang, Jintao and Wang, Ting},
 title = {Who will retweet me?: finding retweeters in twitter},
 booktitle = {Proc. of the 36th ACM SIGIR},
 series = {SIGIR '13},
 year = {2013},
 isbn = {978-1-4503-2034-4},
 location = {Dublin, Ireland},
 pages = {869--872},
 numpages = {4},
 url = {http://doi.acm.org/10.1145/2484028.2484158},
 doi = {10.1145/2484028.2484158},
 acmid = {2484158},
 publisher = {ACM},
 address = {New York, NY, USA},
 keywords = {propagation analysis, retweeter, twitter},
}
@inproceedings{macskassy2011people,
  title={Why do people retweet? anti-homophily wins the day!},
  author={Macskassy, Sofus A and Michelson, Matthew},
  booktitle={ICWSM},
  year={2011}
}
@article{mcpherson2001birds,
  title={Birds of a feather: Homophily in social networks},
  author={McPherson, Miller and Smith-Lovin, Lynn and Cook, James M},
  journal={Annual review of sociology},
  pages={415--444},
  year={2001},
  publisher={JSTOR}
}
@article{moore2008awareness,
  title={Awareness of action: Inference and prediction},
  author={Moore, James and Haggard, Patrick},
  journal={Consciousness and cognition},
  volume={17},
  number={1},
  pages={136--144},
  year={2008},
  publisher={Elsevier}
}
@inproceedings{naveed2011searching,
  title={Searching microblogs: coping with sparsity and document quality},
  author={Naveed, Nasir and Gottron, Thomas and Kunegis, J{\'e}r{\^o}me and Alhadi, Arifah Che},
  booktitle={Proc. of the 20th ACM CIKM},
  pages={183--188},
  year={2011},
  organization={ACM}
}
@article{scikit-learn,
 title={Scikit-learn: Machine Learning in {P}ython},
 author={Pedregosa, F. and Varoquaux, G. and Gramfort, A. and Michel, V.
         and Thirion, B. and Grisel, O. and Blondel, M. and Prettenhofer, P.
         and Weiss, R. and Dubourg, V. and Vanderplas, J. and Passos, A. and
         Cournapeau, D. and Brucher, M. and Perrot, M. and Duchesnay, E.},
 journal={Journal of Machine Learning Research},
 volume={12},
 pages={2825--2830},
 year={2011}
}
@inproceedings{pennacchiotti2011machine,
  title={A Machine Learning Approach to Twitter User Classification.},
  author={Pennacchiotti, Marco and Popescu, Ana-Maria},
  booktitle={ICWSM},
  year={2011}
}
@inproceedings{petrovic2011rt,
  title={RT to Win! Predicting Message Propagation in Twitter.},
  author={Petrovic, Sasa and Osborne, Miles and Lavrenko, Victor},
  booktitle={ICWSM},
  year={2011}
}
@inproceedings{pfitzner2012emotional,
  title={Emotional Divergence Influences Information Spreading in Twitter.},
  author={Pfitzner, Ren{\'e} and Garas, Antonios and Schweitzer, Frank},
  booktitle={ICWSM},
  year={2012}
}
@InProceedings{ramage10microblogs,
  title={Characterizing Microblogs with Topic Models},
  author={Ramage, Daniel and Dumais, Susan and Liebling, Dan},
  booktitle={ICWSM},
  year={2010}
}
@book{stein2005subjectivity,
  title={Subjectivity and Subjectivisation: Linguistic Perspectives},
  author={Stein, D. and Wright, S.},
  isbn={9780521023498},
  url={http://books.google.com.hk/books?id=mWlS5Q8uBYcC},
  year={2005},
  publisher={Cambridge University Press}
}
@inproceedings{suh2010want,
  title={Want to be retweeted? large scale analytics on factors impacting retweet in twitter network},
  author={Suh, Bongwon and Hong, Lichan and Pirolli, Peter and Chi, Ed H},
  booktitle={2010 IEEE Second International Conference on Social Computing},
  pages={177--184},
  year={2010},
  organization={IEEE}
}
@article{thelwall2010sentiment,
  title={Sentiment strength detection in short informal text},
  author={Thelwall, Mike and Buckley, Kevan and Paltoglou, Georgios and Cai, Di and Kappas, Arvid},
  journal={Journal of the American Society for Information Science and Technology},
  volume={61},
  number={12},
  pages={2544--2558},
  year={2010},
  publisher={Wiley Online Library}
}
@inproceedings{weng2010twitterrank,
  title={Twitterrank: finding topic-sensitive influential twitterers},
  author={Weng, Jianshu and Lim, Ee-Peng and Jiang, Jing and He, Qi},
  booktitle={Proc. of the third ACM WSDM},
  pages={261--270},
  year={2010},
  organization={ACM}
}
@inproceedings{xu2012modeling,
  title={Modeling user posting behavior on social media},
  author={Xu, Zhiheng and Zhang, Yang and Wu, Yao and Yang, Qing},
  booktitle={Proc. of the 35th ACM SIGIR},
  pages={545--554},
  year={2012},
  organization={ACM}
}
@inproceedings{yang2010understanding,
  title={Understanding retweeting behaviors in social networks},
  author={Yang, Zi and Guo, Jingyi and Cai, Keke and Tang, Jie and Li, Juanzi and Zhang, Li and Su, Zhong},
  booktitle={Proc. of the 19th ACM CIKM},
  pages={1633--1636},
  year={2010},
  organization={ACM}
}
@article{scikit-learn,
 title={Scikit-learn: Machine Learning in {P}ython},
 author={Pedregosa, F. and Varoquaux, G. and Gramfort, A. and Michel, V.
         and Thirion, B. and Grisel, O. and Blondel, M. and Prettenhofer, P.
         and Weiss, R. and Dubourg, V. and Vanderplas, J. and Passos, A. and
         Cournapeau, D. and Brucher, M. and Perrot, M. and Duchesnay, E.},
 journal={Journal of Machine Learning Research},
 volume={12},
 pages={2825--2830},
 year={2011}
}
